<?xml version="1.0" encoding="UTF-8"?><collection><record><leader>01712ntm a2200325 a 4500</leader><controlfield tag="001">002594330</controlfield><controlfield tag="003">MiAaHDL</controlfield><controlfield tag="005">20190719000000.0</controlfield><controlfield tag="006">m        d        </controlfield><controlfield tag="007">cr bn ---auaua</controlfield><controlfield tag="008">930210q14601525xx            00||  ara d</controlfield><datafield tag="035" ind1=" " ind2=" "><subfield code="a">(MiU)002594330</subfield></datafield><datafield tag="035" ind1=" " ind2=" "><subfield code="a">sdr-miu002594330</subfield></datafield><datafield tag="035" ind1=" " ind2=" "><subfield code="a">(OCoLC)34365757</subfield></datafield><datafield tag="035" ind1=" " ind2=" "><subfield code="a">(RLIN)MIUH93-A19</subfield></datafield><datafield tag="040" ind1=" " ind2=" "><subfield code="a">MiU</subfield><subfield code="c">MiU</subfield><subfield code="e">appm</subfield><subfield code="d">MiU</subfield></datafield><datafield tag="245" ind1="0" ind2="0"><subfield code="a">Astronomical tables :</subfield><subfield code="k">manuscript,</subfield><subfield code="f">[between 1460 and 1525].</subfield></datafield><datafield tag="300" ind1=" " ind2=" "><subfield code="a">1</subfield><subfield code="f">v. ([387] p.) ;</subfield><subfield code="c">24 cm.</subfield></datafield><datafield tag="500" ind1=" " ind2=" "><subfield code="a">Watermarks: Andrea Galvani of Pordenone; eagle with letters A and FNF in roman. For the first see Edward Heawood, Watermarks, Mainly of the 17th and 18th Centuries (Hilversum, 1950), p. 36 and 860.</subfield></datafield><datafield tag="500" ind1=" " ind2=" "><subfield code="a">Tables rubricated.</subfield></datafield><datafield tag="500" ind1=" " ind2=" "><subfield code="a">Possible date of late 15th cent.-early 16th cent. based on coverage of calendrical tables.</subfield></datafield><datafield tag="520" ind1=" " ind2=" "><subfield code="a">Astronomical tables for the latitude of Cairo based on the Raṣd of Ulugh Beg (1349-1449), including calendrical tables for the years 871-931 [1466-1525].</subfield></datafield><datafield tag="538" ind1=" " ind2=" "><subfield code="a">Mode of access: Internet.</subfield></datafield><datafield tag="541" ind1=" " ind2=" "><subfield code="d">07/--/36</subfield><subfield code="3">Manuscript</subfield><subfield code="a">McGregor Fund</subfield><subfield code="c">Purchase, 1933/34</subfield><subfield code="h">55 p.t.</subfield></datafield><datafield tag="561" ind1=" " ind2=" "><subfield code="a">Purchased in Cairo, 1933/34. Owner's mark: on flyleaf, manuscript notes in handwriting of Max Meyerhof.</subfield></datafield><datafield tag="600" ind1="0" ind2="0"><subfield code="6">880-01</subfield><subfield code="a">Ulugh Beg,</subfield><subfield code="d">1349-1449,</subfield><subfield code="t">Zīj al-sulṭānī.</subfield></datafield><datafield tag="650" ind1=" " ind2="0"><subfield code="a">Astronomy, Arab</subfield><subfield code="x">Tables</subfield><subfield code="y">Early works to 1800.</subfield></datafield><datafield tag="650" ind1=" " ind2="0"><subfield code="a">Manuscripts, Arabic</subfield><subfield code="z">Michigan</subfield><subfield code="z">Ann Arbor.</subfield></datafield><datafield tag="700" ind1="1" ind2=" "><subfield code="a">Meyerhof, Max,</subfield><subfield code="d">1874-1945,</subfield><subfield code="e">former owner.</subfield></datafield><datafield tag="773" ind1="0" ind2=" "><subfield code="7">unbc</subfield><subfield code="a">Tracy W. McGregor Collection of Arabic, Persian, and Turkish Mathematical and Astronomical Manuscripts.</subfield><subfield code="w">(CStRLIN)MIUH92-A20.</subfield></datafield><datafield tag="880" ind1="0" ind2="0"><subfield code="6">600-01/</subfield><subfield code="a">ألوغ بيك.</subfield><subfield code="t">زيج السلطاني.</subfield></datafield><datafield tag="CID" ind1=" " ind2=" "><subfield code="a">002594330</subfield></datafield><datafield tag="DAT" ind1="0" ind2=" "><subfield code="a">20190719102632.0</subfield><subfield code="b">20190719000000.0</subfield></datafield><datafield tag="DAT" ind1="1" ind2=" "><subfield code="a">20190719090653.0</subfield><subfield code="b">2019-07-19T16:10:34Z</subfield></datafield><datafield tag="DAT" ind1="2" ind2=" "><subfield code="a">2015-10-02T18:00:03Z</subfield></datafield><datafield tag="CAT" ind1=" " ind2=" "><subfield code="a">SDR-MIU</subfield><subfield code="d">EX LIBRIS - ALEPH</subfield><subfield code="l">prepare.pl-004-008</subfield></datafield><datafield tag="FMT" ind1=" " ind2=" "><subfield code="a">BK</subfield></datafield><datafield tag="HOL" ind1=" " ind2=" "><subfield code="0">sdr-miu002594330</subfield><subfield code="a">MiU</subfield><subfield code="b">SDR</subfield><subfield code="c">MIU</subfield><subfield code="p">mdp.39015081447438</subfield><subfield code="s">MIU</subfield><subfield code="1">002594330</subfield></datafield><datafield tag="974" ind1=" " ind2=" "><subfield code="b">MIU</subfield><subfield code="c">MIU</subfield><subfield code="d">20190719</subfield><subfield code="s">lit-dlps-dc</subfield><subfield code="u">mdp.39015081447438</subfield><subfield code="y">1525</subfield><subfield code="r">pd</subfield><subfield code="q">bib</subfield><subfield code="t">non-US bib date2 &lt; 1896</subfield></datafield></record></collection>